@InProceedings{Decreto10139,
	author	= {Brasil},
	year = {2019},
	title = {Decreto N\textsuperscript{o} 10.139 de 28 de novembro de 2019. Dispõe sobre a revisão e a consolidação dos atos normativos inferiores a decreto.},
	booktitle = {Diário Oficial da União: seção 1, ed. 231, p. 32},
	publisher = {Imprensa Nacional},
	address = {Brasília - DF}
}

@Book{ManualRedacao2018,
	author	= {Brasil},
	year = {2018},
	title = {Manual de Redação da Presidência da República},
	publisher = {Presidência da República},
	edition = {3a},
	address = {Brasília - DF},
	pages = {189}
}


